<?xml version="1.0" encoding="UTF-8"?><record xmlns="http://www.loc.gov/MARC21/slim" xmlns:cinclude="http://apache.org/cocoon/include/1.0" xmlns:zs="http://www.loc.gov/zing/srw/">
  <leader>00505cz  a2200145n  4500</leader>
  <controlfield tag="001">n  86820114 </controlfield>
  <controlfield tag="003">DLC</controlfield>
  <controlfield tag="005">20080418075904.0</controlfield>
  <controlfield tag="008">860416n| acannaabn          |n aaa      </controlfield>
  <datafield tag="010" ind1=" " ind2=" ">
    <subfield code="a">n  86820114 </subfield>
  </datafield>
  <datafield tag="035" ind1=" " ind2=" ">
    <subfield code="a">(OCoLC)oca01557727</subfield>
  </datafield>
  <datafield tag="040" ind1=" " ind2=" ">
    <subfield code="a">DLC</subfield>
    <subfield code="b">eng</subfield>
    <subfield code="c">DLC</subfield>
    <subfield code="d">DLC</subfield>
    <subfield code="d">OCoLC</subfield>
  </datafield>
  <datafield tag="100" ind1="1" ind2=" ">
    <subfield code="a">Kuehnl, Eileen Karen</subfield>
  </datafield>
  <datafield tag="670" ind1=" " ind2=" ">
    <subfield code="a">nuc86-33547: Her Maude Adams, an Amer. idol, c1984</subfield>
    <subfield code="b">(hdg. on WU rept.: Kuehnl, Eileen Karen; usage: Eileen Karen Kuehnl)</subfield>
  </datafield>
  <datafield tag="670" ind1=" " ind2=" ">
    <subfield code="a">Her Maude Adams, an Amer. idol, 1984:</subfield>
    <subfield code="b">p. 440 (b. 11/11/51)</subfield>
  </datafield>
</record>